<?xml version="1.0" encoding="UTF-8"?><collection xmlns="http://www.loc.gov/MARC21/slim"><record><leader>03913nas a2201177 a 450 </leader><controlfield tag="001">vtls000495172</controlfield><controlfield tag="003">VRT</controlfield><controlfield tag="005">20170127094000.0</controlfield><controlfield tag="007">hd a</controlfield><controlfield tag="008">140122d19191945xo dr naa     |   b0slo c</controlfield><datafield tag="022" ind1=" " ind2=" "><subfield code="y">1336-4464</subfield></datafield><datafield tag="035" ind1=" " ind2=" "><subfield code="a">(SKP)vtls000077516</subfield></datafield><datafield tag="039" ind1=" " ind2="9"><subfield code="a">201701270940</subfield><subfield code="b">veronika</subfield><subfield code="c">201402131459</subfield><subfield code="d">fasung</subfield><subfield code="c">201402051431</subfield><subfield code="d">sikula</subfield><subfield code="c">201402051424</subfield><subfield code="d">sikula</subfield><subfield code="y">201401221236</subfield><subfield code="z">veronika</subfield></datafield><datafield tag="040" ind1=" " ind2=" "><subfield code="a">BA001</subfield><subfield code="b">slo</subfield><subfield code="e">AACR2</subfield></datafield><datafield tag="041" ind1="0" ind2=" "><subfield code="a">slo</subfield></datafield><datafield tag="044" ind1=" " ind2=" "><subfield code="a">xo</subfield><subfield code="c">SK</subfield></datafield><datafield tag="080" ind1=" " ind2=" "><subfield code="a">008</subfield><subfield code="2">2011</subfield></datafield><datafield tag="080" ind1=" " ind2=" "><subfield code="a">32</subfield><subfield code="2">2011</subfield></datafield><datafield tag="080" ind1=" " ind2=" "><subfield code="a">33</subfield><subfield code="2">2011</subfield></datafield><datafield tag="080" ind1=" " ind2=" "><subfield code="a">908(437.6)</subfield><subfield code="2">2011</subfield></datafield><datafield tag="245" ind1="0" ind2="0"><subfield code="a">Slovák</subfield><subfield code="h">[Mikrodokument] :</subfield><subfield code="b">politický a spoločenský časopis</subfield></datafield><datafield tag="256" ind1=" " ind2=" "><subfield code="a">Noviny</subfield></datafield><datafield tag="260" ind1=" " ind2=" "><subfield code="a">Bratislava</subfield><subfield code="a">Ružomberok</subfield><subfield code="b">Účastinná spoločnosť Slováka</subfield><subfield code="c">1919-1945</subfield><subfield code="f">Kníhtlač. Andreja</subfield></datafield><datafield tag="300" ind1=" " ind2=" "><subfield code="a">35 mm mikrofilm, poz.</subfield></datafield><datafield tag="310" ind1=" " ind2=" "><subfield code="a">Denník</subfield></datafield><datafield tag="362" ind1="0" ind2=" "><subfield code="a">Roč. 1 (1919)-roč. 27, č. 75 (1. apríl 1945)</subfield></datafield><datafield tag="500" ind1=" " ind2=" "><subfield code="a">Č. 59, roč. 21 (1939) bolo skonfiškované - prezradilo tajomstvo - presun nemeckých vojsk</subfield></datafield><datafield tag="500" ind1=" " ind2=" "><subfield code="a">R.1944 vyšli 2 mimoriadne čísla: 245a, z 27. okt.1945, č.292a z 26.dec. 1944</subfield></datafield><datafield tag="500" ind1=" " ind2=" "><subfield code="a">Časopis Hlinkovej slovenskej ľudovej strany. Uverejňoval aj romány na pokračovanie</subfield></datafield><datafield tag="500" ind1=" " ind2=" "><subfield code="a">Od 21.sept.-21. dec. 1933 úradne zastavené vydávanie</subfield></datafield><datafield tag="500" ind1=" " ind2=" "><subfield code="a">Od marca 1922 vychádzal v Bratislave</subfield></datafield><datafield tag="650" ind1=" " ind2="7"><subfield code="a">008</subfield><subfield code="2">MDT</subfield></datafield><datafield tag="650" ind1=" " ind2="7"><subfield code="a">32</subfield><subfield code="2">MDT</subfield></datafield><datafield tag="650" ind1=" " ind2="7"><subfield code="a">33</subfield><subfield code="2">MDT</subfield></datafield><datafield tag="650" ind1=" " ind2="7"><subfield code="a">908(437.6)</subfield><subfield code="2">MDT</subfield></datafield><datafield tag="650" ind1=" " ind2="9"><subfield code="a">noviny politických strán a hnutí</subfield><subfield code="2">SKP</subfield></datafield><datafield tag="650" ind1=" " ind2="9"><subfield code="a">politika</subfield><subfield code="2">SKP</subfield></datafield><datafield tag="770" ind1="0" ind2=" "><subfield code="t">Slovenka</subfield></datafield><datafield tag="770" ind1="0" ind2=" "><subfield code="t">Ohlas</subfield></datafield><datafield tag="972" ind1=" " ind2=" "><subfield code="a">MI.02140</subfield></datafield><datafield tag="973" ind1=" " ind2=" "><subfield code="a">Mikr.123-2002</subfield></datafield><datafield tag="973" ind1=" " ind2=" "><subfield code="a">Mikr.124-2002</subfield></datafield><datafield tag="973" ind1=" " ind2=" "><subfield code="a">Mikr.125-2002</subfield></datafield><datafield tag="973" ind1=" " ind2=" "><subfield code="a">Mikr.126-2002</subfield></datafield><datafield tag="973" ind1=" " ind2=" "><subfield code="a">Mikr.127-2002</subfield></datafield><datafield tag="973" ind1=" " ind2=" "><subfield code="a">Mikr.122-2002</subfield></datafield><datafield tag="973" ind1=" " ind2=" "><subfield code="a">Mikr.128-2002</subfield></datafield><datafield tag="973" ind1=" " ind2=" "><subfield code="a">Mikr.129-2002</subfield></datafield><datafield tag="973" ind1=" " ind2=" "><subfield code="a">Mikr.130-2002</subfield></datafield><datafield tag="973" ind1=" " ind2=" "><subfield code="a">Mikr.131-2002</subfield></datafield><datafield tag="973" ind1=" " ind2=" "><subfield code="a">Mikr.132-2002</subfield></datafield><datafield tag="973" ind1=" " ind2=" "><subfield code="a">Mikr.133-2002</subfield></datafield><datafield tag="973" ind1=" " ind2=" "><subfield code="a">Mikr.134-2002</subfield></datafield><datafield tag="973" ind1=" " ind2=" "><subfield code="a">Mikr.135-2002</subfield></datafield><datafield tag="973" ind1=" " ind2=" "><subfield code="a">Mikr.139-2002</subfield></datafield><datafield tag="973" ind1=" " ind2=" "><subfield code="a">Mikr.141-2002</subfield></datafield><datafield tag="973" ind1=" " ind2=" "><subfield code="a">Mikr.142-2002</subfield></datafield><datafield tag="973" ind1=" " ind2=" "><subfield code="a">Mikr.140-2002</subfield></datafield><datafield tag="973" ind1=" " ind2=" "><subfield code="a">Mikr.145-2002</subfield></datafield><datafield tag="973" ind1=" " ind2=" "><subfield code="a">Mikr.146-2002</subfield></datafield><datafield tag="973" ind1=" " ind2=" "><subfield code="a">Mikr.147-2002</subfield></datafield><datafield tag="973" ind1=" " ind2=" "><subfield code="a">Mikr.148-2002</subfield></datafield><datafield tag="973" ind1=" " ind2=" "><subfield code="a">Mikr.149-2002</subfield></datafield><datafield tag="973" ind1=" " ind2=" "><subfield code="a">Mikr.150-2002</subfield></datafield><datafield tag="973" ind1=" " ind2=" "><subfield code="a">Mikr.151-2002</subfield></datafield><datafield tag="973" ind1=" " ind2=" "><subfield code="a">Mikr.152-2002</subfield></datafield><datafield tag="973" ind1=" " ind2=" "><subfield code="a">Mikr.153-2002</subfield></datafield><datafield tag="973" ind1=" " ind2=" "><subfield code="a">Mikr.154-2002</subfield></datafield><datafield tag="973" ind1=" " ind2=" "><subfield code="a">Mikr.155-2002</subfield></datafield><datafield tag="973" ind1=" " ind2=" "><subfield code="a">Mikr.156-2002</subfield></datafield><datafield tag="973" ind1=" " ind2=" "><subfield code="a">Mikr.157-2002</subfield></datafield><datafield tag="973" ind1=" " ind2=" "><subfield code="a">Mikr.158-2002</subfield></datafield><datafield tag="973" ind1=" " ind2=" "><subfield code="a">Mikr.159-2002</subfield></datafield><datafield tag="973" ind1=" " ind2=" "><subfield code="a">Mikr.160-2002</subfield></datafield><datafield tag="973" ind1=" " ind2=" "><subfield code="a">Mikr.161-2002</subfield></datafield><datafield tag="973" ind1=" " ind2=" "><subfield code="a">Mikr.162-2002</subfield></datafield><datafield tag="973" ind1=" " ind2=" "><subfield code="a">Mikr.163-2002</subfield></datafield><datafield tag="973" ind1=" " ind2=" "><subfield code="a">Mikr.164-2002</subfield></datafield><datafield tag="973" ind1=" " ind2=" "><subfield code="a">Mikr.165-2002</subfield></datafield><datafield tag="973" ind1=" " ind2=" "><subfield code="a">Mikr.166-2002</subfield></datafield><datafield tag="973" ind1=" " ind2=" "><subfield code="a">Mikr.167-2002</subfield></datafield><datafield tag="973" ind1=" " ind2=" "><subfield code="a">Mikr.168-2002</subfield></datafield><datafield tag="973" ind1=" " ind2=" "><subfield code="a">Mikr.169-2002</subfield></datafield><datafield tag="973" ind1=" " ind2=" "><subfield code="a">Mikr.170-2002</subfield></datafield><datafield tag="973" ind1=" " ind2=" "><subfield code="a">Mikr.171-2002</subfield></datafield><datafield tag="973" ind1=" " ind2=" "><subfield code="a">Mikr.172-2002</subfield></datafield><datafield tag="973" ind1=" " ind2=" "><subfield code="a">Mikr.173-2002</subfield></datafield><datafield tag="973" ind1=" " ind2=" "><subfield code="a">Mikr.174-2002</subfield></datafield><datafield tag="973" ind1=" " ind2=" "><subfield code="a">Mikr.175-2002</subfield></datafield><datafield tag="973" ind1=" " ind2=" "><subfield code="a">Mikr.176-2002</subfield></datafield><datafield tag="973" ind1=" " ind2=" "><subfield code="a">Mikr.177-2002</subfield></datafield><datafield tag="973" ind1=" " ind2=" "><subfield code="a">Mikr.178-2002</subfield></datafield><datafield tag="973" ind1=" " ind2=" "><subfield code="a">Mikr.179-2002</subfield></datafield><datafield tag="973" ind1=" " ind2=" "><subfield code="a">Mikr.180-2002</subfield></datafield><datafield tag="973" ind1=" " ind2=" "><subfield code="a">Mikr.181-2002</subfield></datafield><datafield tag="973" ind1=" " ind2=" "><subfield code="a">Mikr.182-2002</subfield></datafield><datafield tag="973" ind1=" " ind2=" "><subfield code="a">Mikr.183-2002</subfield></datafield><datafield tag="973" ind1=" " ind2=" "><subfield code="a">Mikr.121-2002</subfield></datafield><datafield tag="974" ind1=" " ind2=" "><subfield code="a">osk</subfield><subfield code="d">20050503</subfield></datafield><datafield tag="999" ind1=" " ind2=" "><subfield code="a">VIRTUA4</subfield></datafield><datafield tag="999" ind1=" " ind2=" "><subfield code="a">VTLSSORT0010*0070*0080*0220*0350*0390*0400*0410*0440*0800*0801*0802*0803*2450*2560*2600*3000*3100*3620*5000*5001*5002*5003*5004*6500*6501*6502*6503*6504*6505*7700*7701*9720*97357*9730*9731*9732*9733*9734*9735*9736*9737*9738*9739*97310*97311*97312*97313*97314*97317*97315*97316*97318*97319*97320*97321*97322*97323*97324*97325*97326*97327*97328*97329*97330*97331*97332*97333*97334*97335*97336*97337*97338*97339*97340*97341*97342*97343*97344*97345*97346*97347*97348*97349*97350*97351*97352*97353*97354*97355*97356*9740*9992</subfield></datafield></record></collection>